@article{revelle2005location,
  title={Location analysis: A synthesis and survey},
  author={ReVelle, Charles S and Eiselt, Horst A},
  journal={European journal of operational research},
  volume={165},
  number={1},
  pages={1--19},
  year={2005},
  publisher={Elsevier}
}

@article{mukundan1991joint,
  title={Joint location/sizing maximum profit covering models},
  author={Mukundan, S and Daskin, Mark S},
  journal={INFOR: Information Systems and Operational Research},
  volume={29},
  number={2},
  pages={139--152},
  year={1991},
  publisher={Taylor \& Francis}
}

@article{owen1998strategic,
  title={Strategic facility location: A review},
  author={Owen, Susan Hesse and Daskin, Mark S},
  journal={European journal of operational research},
  volume={111},
  number={3},
  pages={423--447},
  year={1998},
  publisher={Elsevier}
}

@article{brimberg2000maximum,
  title={The maximum return-on-investment plant location problem},
  author={Brimberg, Jack and ReVelle, C},
  journal={Journal of the Operational Research Society},
  volume={51},
  number={6},
  pages={729--735},
  year={2000},
  publisher={Springer}
}
