@article{revelle2005location,
  title={Location analysis: A synthesis and survey},
  author={ReVelle, Charles S and Eiselt, Horst A},
  journal={European journal of operational research},
  volume={165},
  number={1},
  pages={1--19},
  year={2005},
  publisher={Elsevier}
}
